<?xml version = "1.0" encoding = "UTF-8"?><record>
  <leader>01464nmm#a2200385#c#4500</leader>
  <controlfield tag="005">20141002114000.0</controlfield>
  <controlfield tag="007">cr#|||||||||||</controlfield>
  <controlfield tag="008">130528|1828####xx######o##|########ger#c</controlfield>
  <controlfield tag="003">DE-605</controlfield>
  <controlfield tag="001">990196923830206441</controlfield>
  <datafield tag="024" ind1="7" ind2=" ">
    <subfield code="a">urn:nbn:de:0128-1-37874</subfield>
    <subfield code="2">urn</subfield>
  </datafield>
  <datafield tag="035" ind1=" " ind2=" ">
    <subfield code="a">(DE-605)CT001004829</subfield>
  </datafield>
  <datafield tag="040" ind1=" " ind2=" ">
    <subfield code="c">DE-605</subfield>
    <subfield code="a">929</subfield>
    <subfield code="b">ger</subfield>
    <subfield code="d">929</subfield>
    <subfield code="e">rakwb</subfield>
    <subfield code="d">DE-605</subfield>
  </datafield>
  <datafield tag="041" ind1=" " ind2=" ">
    <subfield code="a">ger</subfield>
  </datafield>
  <datafield tag="044" ind1=" " ind2=" ">
    <subfield code="c">XA-DXDE</subfield>
  </datafield>
  <datafield tag="084" ind1=" " ind2=" ">
    <subfield code="a">330</subfield>
    <subfield code="2">rpb</subfield>
  </datafield>
  <datafield tag="084" ind1=" " ind2=" ">
    <subfield code="a">200</subfield>
    <subfield code="2">rpb</subfield>
  </datafield>
  <datafield tag="084" ind1=" " ind2=" ">
    <subfield code="a">130</subfield>
    <subfield code="2">rpb</subfield>
  </datafield>
  <datafield tag="084" ind1=" " ind2=" ">
    <subfield code="a">140</subfield>
    <subfield code="2">rpb</subfield>
  </datafield>
  <datafield tag="100" ind1="1" ind2=" ">
    <subfield code="a">Reiff, Johann J.</subfield>
    <subfield code="d">1793-1864</subfield>
    <subfield code="0">(DE-588)101423748</subfield>
    <subfield code="4">aut</subfield>
    <subfield code="0">(uri) https://portal.dnb.de/opac.htm?method=simpleSearch&amp;cqlMode=true&amp;query=idn=101423748</subfield>
    <subfield code="0">(uri) http://viaf.org/viaf/sourceID/DNB|101423748</subfield>
    <subfield code="B">GND-101423748</subfield>
  </datafield>
  <datafield tag="245" ind1="1" ind2="0">
    <subfield code="a">Otto von Rheineck</subfield>
    <subfield code="h">Elektronische Ressource</subfield>
    <subfield code="b">Trauerspiel in 5 Akten</subfield>
    <subfield code="c">von Johann Josef Reiff</subfield>
  </datafield>
  <datafield tag="264" ind1=" " ind2="1">
    <subfield code="a">Coblenz</subfield>
    <subfield code="b">H&#246;lscher</subfield>
    <subfield code="c">1828</subfield>
  </datafield>
  <datafield tag="300" ind1=" " ind2=" ">
    <subfield code="a">176 S.</subfield>
  </datafield>
  <datafield tag="340" ind1=" " ind2=" ">
    <subfield code="a">Online-Ressource</subfield>
    <subfield code="9">F:652a</subfield>
  </datafield>
  <datafield tag="689" ind1="0" ind2="0">
    <subfield code="a">Otto</subfield>
    <subfield code="c">von Rheineck</subfield>
    <subfield code="d">-1150</subfield>
    <subfield code="D">p</subfield>
    <subfield code="0">(DE-588)138460604</subfield>
    <subfield code="0">(uri) https://portal.dnb.de/opac.htm?method=simpleSearch&amp;cqlMode=true&amp;query=idn=138460604</subfield>
    <subfield code="0">(uri) http://viaf.org/viaf/sourceID/DNB|138460604</subfield>
    <subfield code="B">GND-138460604</subfield>
  </datafield>
  <datafield tag="689" ind1="0" ind2="1">
    <subfield code="a">Online-Ressource</subfield>
    <subfield code="A">f</subfield>
  </datafield>
  <datafield tag="856" ind1="4" ind2=" ">
    <subfield code="q">text/html</subfield>
    <subfield code="u">http://nbn-resolving.de/urn:nbn:de:0128-1-37874</subfield>
    <subfield code="x">Resolving-System</subfield>
    <subfield code="z">kostenfrei</subfield>
    <subfield code="3">Volltext</subfield>
  </datafield>
  <datafield tag="962" ind1=" " ind2=" ">
    <subfield code="e">ldd</subfield>
    <subfield code="e">dilibri</subfield>
  </datafield>
  <datafield tag="964" ind1="0" ind2="s">
    <subfield code="F">051</subfield>
    <subfield code="A">m|||||||</subfield>
  </datafield>
  <datafield tag="964" ind1="0" ind2="s">
    <subfield code="F">030</subfield>
    <subfield code="A">a|1uc||||||17</subfield>
  </datafield>
  <datafield tag="964" ind1="0" ind2="s">
    <subfield code="F">050</subfield>
    <subfield code="A">||||||||g|||||</subfield>
  </datafield>
  <datafield tag="035" ind1=" " ind2=" ">
    <subfield code="a">(DE-599)HBZCT001004829</subfield>
  </datafield>
  <datafield tag="776" ind1="0" ind2="8">
    <subfield code="i">Elektronische Reproduktion von</subfield>
    <subfield code="a">Reiff, Johann J., 1793-1864</subfield>
    <subfield code="t">Otto von Rheineck</subfield>
    <subfield code="w">(DE-605)HT010095606</subfield>
  </datafield>
  <datafield tag="655" ind1=" " ind2="7">
    <subfield code="a">Theaterst&#252;ck</subfield>
    <subfield code="0">(DE-588)4304080-9</subfield>
    <subfield code="2">gnd-content</subfield>
  </datafield>
  <datafield tag="533" ind1=" " ind2=" ">
    <subfield code="a">Digitalisierte Ausg.</subfield>
    <subfield code="b">Koblenz</subfield>
    <subfield code="c">Landesbibliothekszentrum Rheinland-Pfalz</subfield>
    <subfield code="d">2013</subfield>
    <subfield code="f">dilibri - digitale Sammlung Rheinland-Pfalz</subfield>
  </datafield>
  <datafield tag="583" ind1="1" ind2=" ">
    <subfield code="a">Archivierung/Langzeitarchivierung gew&#228;hrleistet</subfield>
    <subfield code="f">PERP</subfield>
    <subfield code="5">DE-929</subfield>
  </datafield>
  <datafield tag="MBD" ind1=" " ind2=" ">
    <subfield code="M">49HBZ_NETWORK</subfield>
    <subfield code="i">990196923830206441</subfield>
    <subfield code="n">HBZ Network</subfield>
  </datafield>
  <datafield tag="MNG" ind1=" " ind2=" ">
    <subfield code="c">System</subfield>
    <subfield code="f">HBZ</subfield>
    <subfield code="i">marc21</subfield>
    <subfield code="h">20141002114000.0</subfield>
    <subfield code="k">01</subfield>
    <subfield code="e">false</subfield>
    <subfield code="d">2021-08-13 16:03:01 Europe/Berlin</subfield>
    <subfield code="g">019692383-HBZ01</subfield>
    <subfield code="j">60</subfield>
    <subfield code="a">import</subfield>
    <subfield code="b">2021-04-05 17:02:40 Europe/Berlin</subfield>
  </datafield>
  <datafield tag="POR" ind1=" " ind2=" ">
    <subfield code="j">Digitalisate VL</subfield>
    <subfield code="x">System</subfield>
    <subfield code="a">53719046230006441</subfield>
    <subfield code="M">49HBZ_NETWORK</subfield>
    <subfield code="p">61737818200006441</subfield>
    <subfield code="q">Digitalisate Visual Library - Rheinland-pf&#228;lzische Digitalisierungsportal dilibri (dilibri)</subfield>
    <subfield code="c">static</subfield>
    <subfield code="l">kostenfrei</subfield>
    <subfield code="A">49HBZ_DUE</subfield>
    <subfield code="y">2021-04-15 17:27:55 Europe/Berlin</subfield>
    <subfield code="w">2021-04-06 11:27:19 Europe/Berlin</subfield>
    <subfield code="D">https://eu04.alma.exlibrisgroup.com/view/uresolver/49HBZ_NETWORK/openurl?u.ignore_date_coverage=true&amp;portfolio_pid=53719046230006441&amp;Force_direct=true</subfield>
    <subfield code="v">P2E_JOB</subfield>
    <subfield code="z">2021-04-06 09:27:19</subfield>
    <subfield code="i">false</subfield>
    <subfield code="S">62737818190006441</subfield>
    <subfield code="d">https://hbz-network.userservices.exlibrisgroup.com/view/uresolver/49HBZ_NETWORK/openurl?u.ignore_date_coverage=true&amp;rft.mms_id=990196923830206441</subfield>
    <subfield code="b">Available</subfield>
    <subfield code="f">DOCUMENT</subfield>
    <subfield code="8">53719046230006441</subfield>
  </datafield>
  <datafield tag="GPN" ind1="1" ind2=" ">
    <subfield code="a">Rheineck, Otto &lt;&lt;von&gt;&gt;</subfield>
    <subfield code="d">-1150</subfield>
    <subfield code="A">GND</subfield>
    <subfield code="B">GND-138460604</subfield>
    <subfield code="C">400</subfield>
  </datafield>
  <datafield tag="GSI" ind1="7" ind2=" ">
    <subfield code="a">http://d-nb.info/gnd/138460604</subfield>
    <subfield code="2">uri</subfield>
    <subfield code="A">GND</subfield>
    <subfield code="B">GND-138460604</subfield>
    <subfield code="C">024</subfield>
  </datafield>
  <datafield tag="GPN" ind1="1" ind2=" ">
    <subfield code="a">Reiff, J. J.</subfield>
    <subfield code="d">1793-1864</subfield>
    <subfield code="A">GND</subfield>
    <subfield code="B">GND-101423748</subfield>
    <subfield code="C">400</subfield>
  </datafield>
  <datafield tag="GPN" ind1="1" ind2=" ">
    <subfield code="a">Reiff, Johann Joseph</subfield>
    <subfield code="d">1793-1864</subfield>
    <subfield code="A">GND</subfield>
    <subfield code="B">GND-101423748</subfield>
    <subfield code="C">400</subfield>
  </datafield>
  <datafield tag="GPN" ind1="1" ind2=" ">
    <subfield code="a">Reiff, Johann Josef</subfield>
    <subfield code="d">1793-1864</subfield>
    <subfield code="A">GND</subfield>
    <subfield code="B">GND-101423748</subfield>
    <subfield code="C">400</subfield>
  </datafield>
  <datafield tag="GSI" ind1="7" ind2=" ">
    <subfield code="a">http://d-nb.info/gnd/101423748</subfield>
    <subfield code="2">uri</subfield>
    <subfield code="A">GND</subfield>
    <subfield code="B">GND-101423748</subfield>
    <subfield code="C">024</subfield>
  </datafield>
</record>